@misc{IO14,
  Author =       {Docs IO},
  Publisher =    {hackage},
  Title =        {Haskell Base Modules},
  howpublished = "\url{https://hackage.haskell.org/package/base-4.5.0.0/docs/System-IO.html#t:IO}"
}
@misc{ER14,
  Author =       {Docs Error},
  Publisher =    {hackage},
  Title =        {Haskell Base Modules},
  howpublished = "\url{http://hackage.haskell.org/package/mtl-2.2.1/docs/Control-Monad-Error.html}"
}
@misc{ST14,
  Author =       {Docs State},
  Publisher =    {hackage},
  Title =        {Haskell Base Modules},
  howpublished = "\url{https://hackage.haskell.org/package/mtl-2.2.1/docs/Control-Monad-State-Lazy.html}"
}
@misc{ParsecChar14,
  Author =       {Docs Char},
  Publisher =    {hackage},
  Title =        {Text.Parsec.Char},
  howpublished = "\url{https://hackage.haskell.org/package/parsec-3.0.0/docs/Text-Parsec-Char.html}"
}
@misc{GHEM,
  Author =       {Graham Hutton, Erik Meijer},
  Publisher =    {University of Nottingham},
  Title =        {Functional Pearls - Monadic Parsing in Haskell},
  howpublished = "\url{http://eprints.nottingham.ac.uk/223/1/pearl.pdf}"
}






